@webpage{okumura,
	author	= {Okumura, Haruhiko},
	title	= {Typst入門},
	year	= {2025},
	url		= {https://okumuralab.org/~okumura/misc/241111.html},
	note	= {Accessed: 2025-07-16}
}

@webpage{typstdocs,
  title        = {Typst Documentation},
  url          = {https://typst.app/docs/},
  note     = {Accessed: 2025-07-16}
}
